*********** # 2 **************
PokerStars Hand #208415618147:  Hold'em No Limit ($0.01/$0.02 USD) - 2020/01/22 10:25:14 WET [2020/01/22 5:25:14 ET]
Table 'Gansu' 9-max Seat #3 is the button
Seat 1: Castesso ($2.44 in chips)
Seat 2: CJHird ($0.55 in chips)
Seat 3: StuffedPeppr ($4.98 in chips)
Seat 4: Williams1015 ($0.76 in chips)
Seat 5: immersteif ($1.98 in chips)
Seat 7: MAAE959 ($0.86 in chips)
Seat 8: GreyWolf9999 ($2.06 in chips)
Seat 9: k4pe307 ($2.17 in chips)
Williams1015: posts small blind $0.01
immersteif: posts big blind $0.02
*** HOLE CARDS ***
Dealt to StuffedPeppr [Tc 3s]
MAAE959: folds
GreyWolf9999: folds
k4pe307: folds
Castesso: raises $0.03 to $0.05
CJHird: folds
StuffedPeppr: folds
Williams1015: calls $0.04
StuffedPeppr leaves the table
immersteif: calls $0.03
*** FLOP *** [Qh 7h As]
Shelder87 joins the table at seat #3
Williams1015: checks
immersteif: checks
Castesso: checks
*** TURN *** [Qh 7h As] [2d]
Williams1015: checks
immersteif: checks
Castesso: checks
*** RIVER *** [Qh 7h As 2d] [Js]
Williams1015: checks
immersteif: checks
Castesso: checks
*** SHOW DOWN ***
Williams1015: shows [9d Jh] (a pair of Jacks)
immersteif: mucks hand
Castesso: mucks hand
Williams1015 collected $0.14 from pot
*** SUMMARY ***
Total pot $0.15 | Rake $0.01
Board [Qh 7h As 2d Js]
Seat 1: Castesso mucked [6c 6s]
Seat 2: CJHird folded before Flop (didn't bet)
Seat 3: StuffedPeppr (button) folded before Flop (didn't bet)
Seat 4: Williams1015 (small blind) showed [9d Jh] and won ($0.14) with a pair of Jacks
Seat 5: immersteif (big blind) mucked [5s 5c]
Seat 7: MAAE959 folded before Flop (didn't bet)
Seat 8: GreyWolf9999 folded before Flop (didn't bet)
Seat 9: k4pe307 folded before Flop (didn't bet)
